<?xml version="1.0" encoding="UTF-8"?><collection xmlns="http://www.loc.gov/MARC21/slim"><record><leader>00618nam--2200217-u-4500</leader><controlfield tag="001">000053399</controlfield><controlfield tag="002">20161230</controlfield><controlfield tag="005">20161230201051</controlfield><controlfield tag="008">110324s1000------------r-----000-0-eng-d</controlfield><datafield ind1=" " ind2=" " tag="020"><subfield code="a">3540432213</subfield></datafield><datafield ind1=" " ind2=" " tag="040"><subfield code="a">IFIN-HH</subfield></datafield><datafield ind1=" " ind2=" " tag="080"><subfield code="a">530.12</subfield></datafield><datafield ind1="1" ind2=" " tag="100"><subfield code="a">Binder, K</subfield></datafield><datafield ind1="1" ind2="0" tag="245"><subfield code="a">Monte carlo simulation in statistical physics</subfield><subfield code="b">An introduction</subfield><subfield code="c">K. binder; d.w. heermann</subfield></datafield><datafield ind1=" " ind2=" " tag="250"><subfield code="a">Fourth, Enlarged Edition</subfield></datafield><datafield ind1=" " ind2=" " tag="260"><subfield code="a">Berlin</subfield><subfield code="b">Springer</subfield><subfield code="c">2002</subfield></datafield><datafield ind1=" " ind2=" " tag="300"><subfield code="a">180P</subfield></datafield><datafield ind1=" " ind2=" " tag="490"><subfield code="a">Springer Series In Solid-state Sciences</subfield><subfield code="v">Vol. 80</subfield></datafield><datafield ind1="1" ind2=" " tag="700"><subfield code="a">Heermann, D.W</subfield></datafield><datafield ind1=" " ind2=" " tag="852"><subfield code="a">81425</subfield><subfield code="c">530.12</subfield></datafield><datafield ind1=" " ind2=" " tag="CAT"><subfield code="a">Sys</subfield><subfield code="c">20110324</subfield><subfield code="h">122550</subfield></datafield></record></collection>